@Book{book_1,
ALTauthor = {Bento José Ferreira Murteira},
ALTeditor = {},
title = {Probabilidades e estatística Volume 1},
publisher = {McGraw-Hill},
year = {1990},
OPTkey = {•},
OPTvolume = {Volume 1},
OPTnumber = {•},
OPTseries = {•},
OPTaddress = {•},
OPTedition = {Portuguesa},
OPTmonth = {•},
OPTnote = {•},
OPTannote = {•}
}

@Book{book_2,
ALTauthor = {Francisco Vaz},
ALTeditor = {},
title = {Probabilidades e Processos Estocásticos},
publisher = {Universidade de Aveiro},
year = {2002},
OPTkey = {•},
OPTvolume = {•},
OPTnumber = {•},
OPTseries = {•},
OPTaddress = {•},
OPTedition = {•},
OPTmonth = {•},
OPTnote = {•},
OPTannote = {•}
}
