@Book{book_1,
author = {William Bentley and Peter T. Davis},
ALTeditor = {},
title = {LEAN SIX SIGMA SECRETS FOR THE CIO},
publisher = {CRC Press},
year = {2010},
OPTkey = {•},
OPTvolume = {•},
OPTnumber = {•},
OPTseries = {•},
OPTaddress = {•},
OPTedition = {English},
OPTmonth = {•},
OPTnote = {•},
OPTannote = {•}
}

@Book{book_2,
author = {Stephen P. Robbin and Timothy A. Judge},
ALTeditor = {},
title = {Essencials of Organizational Behavior 12th EDITION},
publisher = {Pearson Education, Inc},
year = {2014},
OPTkey = {•},
OPTvolume = {•},
OPTnumber = {•},
OPTseries = {•},
OPTaddress = {•},
OPTedition = {•},
OPTmonth = {•},
OPTnote = {•},
OPTannote = {•}
}

@Book{book_3,
author = {M. Freedman and Jonathan Passmore},
ALTeditor = {},
title = {The Wiley-Blackwell Handbook of the Psychology of Leadership, Change, and Organizational Development},
publisher = {A John Wiley \& Sons, Ltd},
year = {2013},
OPTkey = {•},
OPTvolume = {•},
OPTnumber = {•},
OPTseries = {•},
OPTaddress = {•},
OPTedition = {•},
OPTmonth = {•},
OPTnote = {•},
OPTannote = {•}
}

@Book{book_4,
author = {Steven L. McShane and Mary Ann Von Glinow},
ALTeditor = {},
title = {ORGANIZATIONAL BEHAVIOR eight edition},
publisher = {MC GRAW HILL Education},
year = {2018},
OPTkey = {•},
OPTvolume = {•},
OPTnumber = {•},
OPTseries = {•},
OPTaddress = {•},
OPTedition = {•},
OPTmonth = {•},
OPTnote = {•},
OPTannote = {•}
}

@Book{book_5,
author = {Garo D. Reisyan},
ALTeditor = {},
title = {Neuro-Organizational Culture A new approach to understanding human behavior and interaction in the workplace},
publisher = {Springer International Publishing Switzerland},
year = {2016},
OPTkey = {•},
OPTvolume = {•},
OPTnumber = {•},
OPTseries = {•},
OPTaddress = {•},
OPTedition = {•},
OPTmonth = {•},
OPTnote = {•},
OPTannote = {•}
}

@Book{book_6,
author = {James L. Gibson and John M. Ivancevich and James H. Donnelly and Jr. Robert Konopaske},
ALTeditor = {},
title = {ORGANIZATIONS: BEHAVIOR, STRUCTURE, PROCESSES, FOURTEENTH EDITION},
publisher = {McGraw-Hill},
year = {2012},
OPTkey = {•},
OPTvolume = {•},
OPTnumber = {•},
OPTseries = {•},
OPTaddress = {•},
OPTedition = {•},
OPTmonth = {•},
OPTnote = {•},
OPTannote = {•}
}

@Book{book_7,
author = {Stephen P. Robbins and Timothy A. Judge},
ALTeditor = {},
title = {Organizational Behavior, 17th edition},
publisher = {Pearson Education Limited},
year = {2016},
OPTkey = {•},
OPTvolume = {•},
OPTnumber = {•},
OPTseries = {•},
OPTaddress = {•},
OPTedition = {•},
OPTmonth = {•},
OPTnote = {•},
OPTannote = {•}
}

@Book{book_8,
author = {Hamid R. Parsaei},
ALTeditor = {},
title = {SIMULATION MODELING HANDBOOK A Practical Approach},
publisher = {CRC Press LLC},
year = {2004},
OPTkey = {•},
OPTvolume = {•},
OPTnumber = {•},
OPTseries = {•},
OPTaddress = {•},
OPTedition = {•},
OPTmonth = {•},
OPTnote = {•},
OPTannote = {•}
}

@Book{book_9,
author = {Jennifer M. George and Gareth R. Jones},
ALTeditor = {},
title = {Understanding and Managing Organizational Behavior sixth Edition},
publisher = {Prentice Hall},
year = {2012},
OPTkey = {•},
OPTvolume = {•},
OPTnumber = {•},
OPTseries = {•},
OPTaddress = {•},
OPTedition = {•},
OPTmonth = {•},
OPTnote = {•},
OPTannote = {•}
}

@Book{book_10,
author = {Carlos A. Marques Pinto and josé A. M. Salgado Rodrigues and Américo dos Santos and Luís T. Melo and Maria Arnaldina Dias Moreira and Rolando B. Rodrigues},
ALTeditor = {},
title = {Fundamentos de Gestão 5ª edição},
publisher = {Editorial Presença},
year = {2014},
OPTkey = {•},
OPTvolume = {•},
OPTnumber = {•},
OPTseries = {•},
OPTaddress = {•},
OPTedition = {•},
OPTmonth = {•},
OPTnote = {•},
OPTannote = {•}
}

@Book{book_11,
author = {EDWIN A. LOCKE},
ALTeditor = {EDWIN A. LOCKE},
title = {HANDBOOK OF PRINCIPLES OF ORGANIZATIONAL BEHAVIOR Indispensable Knowledge for Evidence-Bases Management Second Edition},
publisher = {WILEY},
year = {2009},
OPTkey = {•},
OPTvolume = {•},
OPTnumber = {•},
OPTseries = {•},
OPTaddress = {•},
OPTedition = {English},
OPTmonth = {•},
OPTnote = {•},
OPTannote = {•}
}

@Article{article_1,
author = {Emmanuel Ogbonna and Lloyd c. Harris},
ALTeditor = {},
title = {Leadership style, organizational culture and performance: empirical evidence from UK companies},
publisher = {The International Journal of Human Resource Management},
year = {2000},
journal = {•},
OPTkey = {•},
OPTvolume = {•},
OPTnumber = {•},
OPTseries = {•},
OPTaddress = {•},
OPTedition = {•},
OPTmonth = {•},
OPTnote = {•},
OPTannote = {•}
}

@Article{article_2,
author = {ROQ},
ALTeditor = {},
title = {https://roqinternational.com/pt/},
publisher = {WEBPAGE},
year = {•},
journal = {•},
OPTkey = {•},
OPTvolume = {•},
OPTnumber = {•},
OPTseries = {•},
OPTaddress = {•},
OPTedition = {•},
OPTmonth = {•},
OPTnote = {•},
OPTannote = {•}
}