@Book{book_1,
ALTauthor = {MUHAMMAD ALI MAZIDI},
ALTeditor = {Prentice Hall},
title = {the avr microcontroller and embedded systems},
publisher = {Prentice Hall},
year = {2011},
OPTkey = {•},
OPTvolume = {},
OPTnumber = {•},
OPTseries = {•},
OPTaddress = {•},
OPTedition = {Portuguesa},
OPTmonth = {•},
OPTnote = {•},
OPTannote = {•}
}

@Book{book_2,
ALTauthor = {Joe Pardue},
ALTeditor = {Smiley Micros},
title = {C Programming for Microcontrollers},
publisher = {SMILEY MICROS},
year = {2005},
OPTkey = {•},
OPTvolume = {•},
OPTnumber = {•},
OPTseries = {•},
OPTaddress = {•},
OPTedition = {•},
OPTmonth = {•},
OPTnote = {•},
OPTannote = {•}
}

@Book{book_3,
ALTauthor = {Brian W. Kernighan, Dennis M. Ritchie},
ALTeditor = {Prentice Hall},
title = {The C Programming Language},
publisher = {Prentice Hall},
year = {•},
OPTkey = {•},
OPTvolume = {•},
OPTnumber = {•},
OPTseries = {•},
OPTaddress = {•},
OPTedition = {Second Edition},
OPTmonth = {•},
OPTnote = {•},
OPTannote = {•}
}

@Book{book_4,
ALTauthor = {Stan Gibilisco},
ALTeditor = {McGraw-Hill},
title = {Teach Yourself Electricity and Electronics},
publisher = {McGraw-Hill},
year = {•},
OPTkey = {•},
OPTvolume = {•},
OPTnumber = {•},
OPTseries = {•},
OPTaddress = {•},
OPTedition = {Third Edition},
OPTmonth = {•},
OPTnote = {•},
OPTannote = {•}
}

@Book{book_5,
ALTauthor = {John Bird},
ALTeditor = {Typeset by Charon Tec Ltd, Chennai, India},
title = {HIGHER ENGINEERING MATHEMATICS},
publisher = {Published by Elsevier Ltd},
year = {2006},
OPTkey = {•},
OPTvolume = {•},
OPTnumber = {•},
OPTseries = {•},
OPTaddress = {•},
OPTedition = {•},
OPTmonth = {•},
OPTnote = {•},
OPTannote = {•}
}

@Book{book_6,
ALTauthor = {Paulo Ney de Souza
Richard J. Fateman and Joel Moses and Cliff and Yapp},
ALTeditor = {•},
title = {The Maxima Book},
publisher = {•},
year = {2004},
OPTkey = {•},
OPTvolume = {•},
OPTnumber = {•},
OPTseries = {•},
OPTaddress = {•},
OPTedition = {•},
OPTmonth = {•},
OPTnote = {•},
OPTannote = {•}
}

@Book{book_7,
ALTauthor = {Powersim Inc.},
ALTeditor = {Powersim Inc.},
title = {PSIM® User’s Guide},
publisher = {Powersim Inc.},
year = {2009},
OPTkey = {•},
OPTvolume = {•},
OPTnumber = {•},
OPTseries = {•},
OPTaddress = {•},
OPTedition = {•},
OPTmonth = {August},
OPTnote = {•},
OPTannote = {•}
}

@Book{book_8,
ALTauthor = {Ant\'{o}nio J. G. Padilla},
ALTeditor = {McGraw Hill},
title = {Electr\'{o}nica Anal\'{o}gica},
publisher = {McGraw Hill},
year = {1993},
OPTkey = {•},
OPTvolume = {•},
OPTnumber = {•},
OPTseries = {•},
OPTaddress = {•},
OPTedition = {•},
OPTmonth = {•},
OPTnote = {•},
OPTannote = {•}
}

@Book{book_9,
ALTauthor = {Acilina Azenha and Maria Am\'{e}lia Jer\'{o}nimo},
ALTeditor = {McGraw Hill},
title = {C\'{a}lculo Diferencial e Integral em $\mathbb{R}$ e $\mathbb{R}^n$},
publisher = {McGraw Hill},
year = {1995},
OPTkey = {•},
OPTvolume = {•},
OPTnumber = {•},
OPTseries = {•},
OPTaddress = {•},
OPTedition = {•},
OPTmonth = {•},
OPTnote = {•},
OPTannote = {•}
}

@Book{book_10,
ALTauthor = {Derek A. Paice},
ALTeditor = {IEEE Press},
title = {Power Electronic Converter Harmonics},
publisher = {IEEE Press Editorial Board},
year = {1996},
OPTkey = {•},
OPTvolume = {•},
OPTnumber = {•},
OPTseries = {•},
OPTaddress = {•},
OPTedition = {•},
OPTmonth = {•},
OPTnote = {•},
OPTannote = {•}
}

@Book{book_11,
ALTauthor = {E .Acha and V.G Agelidis and O. Anaya-Lara and T.J.E Miller},
ALTeditor = {Newnes Power Engeneering Series},
title = {Power Electronic Control in Electrical Systems},
publisher = {Newnes Power Engeneering Series},
year = {2002},
OPTkey = {•},
OPTvolume = {•},
OPTnumber = {•},
OPTseries = {•},
OPTaddress = {•},
OPTedition = {•},
OPTmonth = {•},
OPTnote = {•},
OPTannote = {•}
}

@Booklet{booklet_1,
title = {Curso de Introdução ao LATEX},
OPTkey = {•},
OPTauthor = {Prof. Márcio Nascimento da Silva},
OPThowpublished = {Universidade Estadual Vale do Acara\'{u}},
OPTaddress = {•},
OPTmonth = {•},
OPTyear = {2011},
OPTnote = {•},
OPTannote = {•}
}


@InCollection{incollection_1,
author = {Andr\'{e} Fidalgo},
title = {Sistemas El\'{e}ctricos de Corrente Cont\'{i}nua},
booktitle = {Unidade de Ensino 1},
OPTcrossref = {•},
OPTkey = {•},
OPTpages = {•},
OPTpublisher = {IPP-ISEP-DEE},
OPTyear = {2002},
OPTeditor = {•},
OPTvolume = {vers\~{a}o 1},
OPTnumber = {•},
OPTseries = {•},
OPTtype = {•},
OPTchapter = {•},
OPTaddress = {•},
OPTedition = {•},
OPTmonth = {•},
OPTnote = {•},
OPTannote = {•}
}

@InCollection{incollection_2,
author = {Andr\'{e} Fidalgo},
title = {Sistemas El\'{e}ctricos de Corrente Alternada},
booktitle = {Unidade de Ensino 2},
OPTcrossref = {•},
OPTkey = {•},
OPTpages = {•},
OPTpublisher = {IPP-ISEP-DEE},
OPTyear = {2002},
OPTeditor = {•},
OPTvolume = {vers\~{a}o 1},
OPTnumber = {•},
OPTseries = {•},
OPTtype = {•},
OPTchapter = {•},
OPTaddress = {•},
OPTedition = {•},
OPTmonth = {•},
OPTnote = {•},
OPTannote = {•}
}
